@article{b1,
  title     = {Self-supervised domain adaptation for computer vision tasks},
  author    = {Xu, Jiaolong and Xiao, Liang and L{\'o}pez, Antonio M},
  journal   = {IEEE Access},
  volume    = {7},
  pages     = {156694--156706},
  year      = {2019},
  publisher = {IEEE}
}