@article{b1,
  title   = {Self-supervised learning: Generative or contrastive},
  author  = {Liu, Xiao and Zhang, Fanjin and Hou, Zhenyu and Wang, Zhaoyu and Mian, Li and Zhang, Jing and Tang, Jie},
  journal = {arXiv preprint arXiv:2006.08218},
  volume  = {1},
  number  = {2},
  year    = {2020}
}