@inproceedings{b1,
  title     = {Adversarial domain adaptation with domain mixup},
  author    = {Xu, Minghao and Zhang, Jian and Ni, Bingbing and Li, Teng and Wang, Chengjie and Tian, Qi and Zhang, Wenjun},
  booktitle = {Proceedings of the AAAI Conference on Artificial Intelligence},
  volume    = {34},
  number    = {04},
  pages     = {6502--6509},
  year      = {2020}
}